@book{bib:cotelnikov,
	author = {И.Котельников and П.Чеботаев},
	title = {\LaTeX по-русски},
	publisher = {Сибирский хронограф},
	address = {Новосибирск},
	numpages = {496},
    language={russian},
	year = {2009}
}
@book{bib:baldin,
	author = {Е.М.Балдин},
	title = {Компьютерная типография \LaTeX},
	publisher = {БХВ-Петербург},
	address = {СПб.},
	numpages = {304},
    language={russian},
	year = {2008}
}
@book{bib:knuth:AllAbout,
	author = {Д.Э.Кнут},
	title = {Все про \TeX},
	publisher = {Вильямс},
	address = {М.},
	numpages = {560},
    language={russian},
	year = {2003}
}
@article{kn:knuth:mf3,
	author = "D. E. Knuth",
	title = "The New Versions of {\TeX} and {\MF}",
	journal = "{TUG}boat, the\/ {\TeX} User's Group Newsletter",
	volume = 10,
	number = 3,
	pages = "325--328",
	month = nov,
	year = 1989
} 